<?xml version="1.0" encoding="UTF-8"?><collection xmlns="http://www.loc.gov/MARC21/slim"><record><leader>00515nam--2200157-i-4500</leader><controlfield tag="001">000011275</controlfield><controlfield tag="002">20161230</controlfield><controlfield tag="005">20170123171049</controlfield><controlfield tag="008">060222s1000------------r-----000-0-eng-d</controlfield><datafield ind1=" " ind2=" " tag="080"><subfield code="a">543/545</subfield></datafield><datafield ind1=" " ind2=" " tag="245"><subfield code="a">Comprehensive analytical chemistry. Emission spectroscopy, analytical microwawe spectroscopy, analytical applications of electron microscopy</subfield></datafield><datafield ind1=" " ind2=" " tag="260"><subfield code="a">Amsterdam</subfield><subfield code="b">Elsevier Scientific Publishing Company</subfield><subfield code="c">1975</subfield></datafield><datafield ind1=" " ind2=" " tag="300"><subfield code="a">IX + 383 p</subfield></datafield><datafield ind1=" " ind2=" " tag="700"><subfield code="a">Svehla, G</subfield></datafield><datafield ind1=" " ind2=" " tag="852"><subfield code="a">17130</subfield></datafield><datafield ind1=" " ind2=" " tag="CAT"><subfield code="a">SYS</subfield><subfield code="c">20170123</subfield><subfield code="h">171049</subfield></datafield></record></collection>